@article{sanli2013,
	title = {Understanding Self-Controlled Motor Learning Protocols through the Self-Determination Theory},
	author = {{Sanli}, {Elizabeth Ann} and {Patterson}, {Jae T.} and {Bray}, {Steven R.} and {Lee}, {Timothy D.}},
	year = {2013},
	date = {2013},
	journal = {Frontiers in Psychology},
	volume = {3},
	doi = {10.3389/fpsyg.2012.00611},
	url = {https://www.frontiersin.org/articles/10.3389/fpsyg.2012.00611/full},
	note = {Publisher: Frontiers},
	langid = {English}
}

@inbook{ste-marie2019,
	title = {Self-controlled learning: Current findings, theoretical perspectives, and future directions},
	author = {{Ste-Marie}, {Diane M.} and {Carter}, {Michael J.} and {Yantha}, {Zachary D.}},
	year = {2019},
	month = {11},
	date = {2019-11-04},
	publisher = {Routledge},
	series = {Skill acquisition in sport: Research, theory, and practice},
	edition = {3},
	note = {Pages: 119-140
Publication Title: Skill Acquisition in Sport
DOI: 10.4324/9781351189750-7},
	langid = {en}
}
